<record><leader>00000cas a2200000 a 4500</leader><controlfield tag="001">45625506</controlfield><controlfield tag="008">001227d19351938oruwr ne      0    0eng c</controlfield><datafield ind1=" " ind2=" " tag="010"><subfield code="a">sn 00063671 </subfield></datafield><datafield ind1=" " ind2=" " tag="040"><subfield code="a">OCN</subfield><subfield code="b">eng</subfield><subfield code="c">OCN</subfield><subfield code="d">OCLCQ</subfield><subfield code="d">OCLCF</subfield><subfield code="d">OCLCO</subfield></datafield><datafield ind1="1" ind2=" " tag="029"><subfield code="a">AU@</subfield><subfield code="b">000022171405</subfield></datafield><datafield ind1=" " ind2=" " tag="042"><subfield code="a">pcc</subfield></datafield><datafield ind1=" " ind2=" " tag="043"><subfield code="a">n-us-or</subfield></datafield><datafield ind1="0" ind2="4" tag="245"><subfield code="a">The progressive enterprise.</subfield></datafield><datafield ind1=" " ind2=" " tag="260"><subfield code="a">Portland, Or. :</subfield><subfield code="b">Enterprise Pub. Co.,</subfield><subfield code="c">-1935.</subfield></datafield><datafield ind1=" " ind2=" " tag="300"><subfield code="a">v.</subfield></datafield><datafield ind1=" " ind2=" " tag="310"><subfield code="a">Weekly</subfield></datafield><datafield ind1="1" ind2=" " tag="362"><subfield code="a">Began in 1935?</subfield></datafield><datafield ind1="0" ind2=" " tag="362"><subfield code="a">-v. 4, no. 29 (Nov. 11, 1938).</subfield></datafield><datafield ind1=" " ind2=" " tag="530"><subfield code="a">Also issued on microfilm from University of Oregon.</subfield></datafield><datafield ind1=" " ind2=" " tag="588"><subfield code="a">Description based on: Vol. 1, no. 21 (Aug. 30, 1935).</subfield></datafield><datafield ind1=" " ind2="0" tag="651"><subfield code="a">Portland (Or.)</subfield><subfield code="v">Newspapers.</subfield></datafield><datafield ind1=" " ind2="7" tag="655"><subfield code="a">Newspapers.</subfield><subfield code="2">fast</subfield><subfield code="0">(OCoLC)fst01423814</subfield></datafield><datafield ind1=" " ind2="7" tag="651"><subfield code="a">Oregon</subfield><subfield code="z">Portland.</subfield><subfield code="2">fast</subfield><subfield code="0">(OCoLC)fst01204325</subfield></datafield><datafield ind1=" " ind2=" " tag="752"><subfield code="a">United States</subfield><subfield code="b">Oregon</subfield><subfield code="c">Multnomah</subfield><subfield code="d">Portland.</subfield></datafield></record>